@techport{nr68,
  author = {Naur, Peter and Randell, Brian},
  title = {Software Engeneering; Report on a conference},
  month = {January},
  year = {1969},
  type = {Conference Report},
  institution = {NATO SCIENCE COMMITTEE}
}
@article{k92,
  author = {Krueger, Charles W.},
  title = {Software reuse},
  journal = {ACM Comput. Surv.},
  volume = {24},
  number = {2},
  pages = {131-183},
  ISSN = {0360-0300},
  DOI = {10.1145/130844.130856},
  year = {1992},
  type = {Journal Article}
}
@incollection{hdghi11,
  year={2011},
  isbn={978-3-642-21346-5},
  booktitle={Top Productivity through Software Reuse},
  volume={6727},
  series={Lecture Notes in Computer Science},
  editor={Schmid, Klaus},
  doi={10.1007/978-3-642-21347-2_16},
  title={On the Extent and Nature of Software Reuse in Open Source Java Projects},
  url={http://dx.doi.org/10.1007/978-3-642-21347-2_16},
  publisher={Springer Berlin Heidelberg},
  author={Heinemann, Lars and Deissenboeck, Florian and Gleirscher, Mario and Hummel, Benjamin and Irlbeck, Maximilian},
  pages={207-222}
}
@phdthesis{of13,
author = {Oliveira Filho, Carlos Morais de},
title = {Kalibro: source code metrics interpretation},
university = {Universidade de SÃ£o Paulo},
year = {2013},
type = {Thesis}
}